@article{Clear,
  author = {James Clear},
  title  = {{When the 80/20 Rule Fails: The Downside of Being Effective}}
}

@book{latexcompanion,
  author    = {Michel Goossens and Frank Mittelbach and Alexander Samarin},
  title     = {The \LaTeX\ Companion},
  year      = {1993},
  publisher = {Addison-Wesley},
  address   = {Reading, Massachusetts}
}

@misc{knuthwebsite,
  author = {Donald Knuth},
  title  = {Knuth: Computers and Typesetting},
  url    = {http://www-cs-faculty.stanford.edu/\~{}uno/abcde.html}
}